//Methods

@misc{Rstudio,
	address = {Boston, MA},
	title = {{RStudio}: {Integrated} {Development} {Environment} for {R}},
	url = {http://www.rstudio.com},
	author = {RStudio Team},
	year = {2015}
}


@Article{lme4,
    title = {Fitting Linear Mixed-Effects Models Using {lme4}},
    author = {Douglas Bates and Martin M{\"a}chler and Ben Bolker and
      Steve Walker},
    journal = {Journal of Statistical Software},
    year = {2015},
    volume = {67},
    number = {1},
    pages = {1--48},
    doi = {10.18637/jss.v067.i01},
  }

@Article{RLRsim,
    title = {Size and power of tests for a zero random effect variance
      or polynomial regression in additive and linear mixed models.},
    author = {Fabian Scheipl and Sonja Greven and Helmut Kuechenhoff},
    year = {2008},
    journal = {Computational Statistics & Data Analysis},
    volume = {52},
    number = {7},
    pages = {3283--3299},
  }

@article{peters_1997,
	title = {{SHORT} {COMMUNICATIONS} {A} drying-down technique for the spreading of mammalian meiocytes from the male and female germline},
	volume = {5},
	number = {1},
	journal = {Chromosome research},
	author = {Peters, Antoine HFM and Plug, Annemieke W. and van Vugt, Martine J. and De Boer, Peter},
	year = {1997},
	pages = {66--68},
	file = {Full Text:C\:\\Users\\alpeterson7\\Zotero\\storage\\AHF4GTD7\\Peters et al. - 1997 - SHORT COMMUNICATIONS A drying-down technique for t.pdf:application/pdf}
}


@article{DapperPayseur2017,
  title={Connecting theory and data to understand recombination rate evolution},
  author={Dapper, Amy L and Payseur, Bret A},
  journal={Philosophical Transactions of the Royal Society B: Biological Sciences},
  volume={372},
  number={1736},
  pages={20160469},
  year={2017},
  publisher={The Royal Society}
}


@article{cole2012,
  title={Homeostatic control of recombination is implemented progressively in mouse meiosis},
  author={Cole, Francesca and Kauppi, Liisa and Lange, Julian and Roig, Ignasi and Wang, Raymond and Keeney, Scott and Jasin, Maria},
  journal={Nature cell biology},
  volume={14},
  number={4},
  pages={424--430},
  year={2012},
  publisher={Nature Publishing Group}
}


@article{holloway2008mus81,
  title={MUS81 generates a subset of MLH1-MLH3--independent crossovers in mammalian meiosis},
  author={Holloway, J Kim and Booth, James and Edelmann, Winfried and McGowan, Clare H and Cohen, Paula E},
  journal={PLoS genetics},
  volume={4},
  number={9},
  year={2008},
  publisher={Public Library of Science}
}


@article{fiji,
	title = {Fiji: an open-source platform for biological-image analysis},
	volume = {9},
	shorttitle = {Fiji},
	number = {7},
	journal = {Nature methods},
	author = {Schindelin, Johannes and Arganda-Carreras, Ignacio and Frise, Erwin and Kaynig, Verena and Longair, Mark and Pietzsch, Tobias and Preibisch, Stephan and Rueden, Curtis and Saalfeld, Stephan and Schmid, Benjamin},
	year = {2012},
	pages = {676},
	file = {Full Text:C\:\\Users\\alpeterson7\\Zotero\\storage\\KXQRQHIL\\PMC3855844.html:text/html;Snapshot:C\:\\Users\\alpeterson7\\Zotero\\storage\\4GSQIMI5\\nmeth.html:text/html}
}


@article{dumontDesai2012,
  title={Acentrosomal spindle assembly and chromosome segregation during oocyte meiosis},
  author={Dumont, Julien and Desai, Arshad},
  journal={Trends in cell biology},
  volume={22},
  number={5},
  pages={241--249},
  year={2012},
  publisher={Elsevier}
}


@article{goldstein1993,
  title={The evolution of interference: reduction of recombination among three loci},
  author={Goldstein, David B and Bergman, Aviv and Feldman, Marcus W},
  journal={Theoretical population biology},
  volume={44},
  number={2},
  pages={246--259},
  year={1993},
  publisher={Elsevier}
}

@article{ross2015,
  title={Evolutionary problems in centrosome and centriole biology},
  author={Ross, L and Normark, BB},
  journal={Journal of evolutionary biology},
  volume={28},
  number={5},
  pages={995--1004},
  year={2015},
  publisher={Wiley Online Library}
}

@article{smukowski2011closely,
  title={Recombination rate variation in closely related species},
  author={Smukowski, CS and Noor, MAF},
  journal={Heredity},
  volume={107},
  number={6},
  pages={496--508},
  year={2011},
  publisher={Nature Publishing Group}
}

@article{Ritz2017,
  title={Variation in recombination rate: adaptive or not?},
  author={Ritz, Kathryn R and Noor, Mohamed AF and Singh, Nadia D},
  journal={Trends in Genetics},
  volume={33},
  number={5},
  pages={364--374},
  year={2017},
  publisher={Elsevier}
}

@article{samuk2020,
  title={Natural selection shapes variation in genome-wide recombination rate in Drosophila pseudoobscura},
  author={Samuk, Kieran and Manzano-Winkler, Brenda and Ritz, Kathryn R and Noor, Mohamed AF},
  journal={Current Biology},
  year={2020},
  publisher={Elsevier}
}

@article{vanVeen2003,
  title={Meiosis: when even two is a crowd},
  author={VanVeen, J Edward and Hawley, R Scott},
  journal={Current Biology},
  volume={13},
  number={21},
  pages={R831--R833},
  year={2003},
  publisher={Elsevier}
}

@article{altendorfer2020,
  title={Crossover position drives chromosome remodeling for accurate meiotic chromosome segregation},
  author={Altendorfer, Elisabeth and L{\'a}scarez-Lagunas, Laura I and Nadarajan, Saravanapriah and Mathieson, Iain and Colai{\'a}covo, Monica P},
  journal={Current Biology},
  year={2020},
  publisher={Elsevier}
}

@article{Lee2019,
  title={Is age-related increase of chromosome segregation errors in mammalian oocytes caused by cohesin deterioration?},
  author={Lee, Jibak},
  journal={Reproductive Medicine and Biology},
  year={2019},
  publisher={Wiley Online Library}
}

@article{manandhar2005centrosome,
  title={Centrosome reduction during gametogenesis and its significance},
  author={Manandhar, Gaurishankar and Schatten, Heide and Sutovsky, Peter},
  journal={Biology of reproduction},
  volume={72},
  number={1},
  pages={2--13},
  year={2005},
  publisher={Oxford University Press}
}

@article{kyogoku2017,
  title={Large cytoplasm is linked to the error-prone nature of oocytes},
  author={Kyogoku, Hirohisa and Kitajima, Tomoya S},
  journal={Developmental cell},
  volume={41},
  number={3},
  pages={287--298},
  year={2017},
  publisher={Elsevier}
}

@article{So2019,
  title={A liquid-like spindle domain promotes acentrosomal spindle assembly in mammalian oocytes},
  author={So, Chun and Seres, K Bianka and Steyer, Anna M and M{\"o}nnich, Eike and Clift, Dean and Pejkovska, Anastasija and M{\"o}bius, Wiebke and Schuh, Melina},
  journal={Science},
  volume={364},
  number={6447},
  pages={eaat9557},
  year={2019},
  publisher={American Association for the Advancement of Science}
}

@article{zicklerKleckner2015,
  title={Recombination, pairing, and synapsis of homologs during meiosis},
  author={Zickler, Denise and Kleckner, Nancy},
  journal={Cold Spring Harbor perspectives in biology},
  volume={7},
  number={6},
  pages={a016626},
  year={2015},
  publisher={Cold Spring Harbor Lab}
}

@article{zickler1999,
  title={Meiotic chromosomes: integrating structure and function},
  author={Zickler, Denise and Kleckner, Nancy},
  journal={Annual review of genetics},
  volume={33},
  number={1},
  pages={603--754},
  year={1999},
  publisher={Annual Reviews 4139 El Camino Way, PO Box 10139, Palo Alto, CA 94303-0139, USA}
}

@article{mercier2015,
  title={The molecular biology of meiosis in plants},
  author={Mercier, Rapha{\"e}l and M{\'e}zard, Christine and Jenczewski, Eric and Macaisne, Nicolas and Grelon, Mathilde},
  journal={Annual review of plant biology},
  volume={66},
  pages={297--327},
  year={2015},
  publisher={Annual Reviews}
}


@article{haenel2018,
  title={Meta-analysis of chromosome-scale crossover rate variation in eukaryotes and its significance to evolutionary genomics},
  author={Haenel, Quiterie and Laurentino, Telma G and Roesti, Marius and Berner, Daniel},
  journal={Molecular ecology},
  volume={27},
  number={11},
  pages={2477--2497},
  year={2018},
  publisher={Wiley Online Library}
}

@article{gorelick2017,
  title={No universal differences between female and male eukaryotes: anisogamy and asymmetrical female meiosis},
  author={Gorelick, Root and Carpinone, Jessica and Derraugh, Lindsay Jackson},
  journal={Biological Journal of the Linnean Society},
  volume={120},
  number={1},
  pages={1--21},
  year={2017},
  publisher={Oxford University Press UK}
}

//fine scale

@article{brick2018_sexDiff,
  title={Extensive sex differences at the initiation of genetic recombination},
  author={Brick, Kevin and Thibault-Sennett, Sarah and Smagulova, Fatima and Lam, Kwan-Wood G and Pu, Yongmei and Pratto, Florencia and Camerini-Otero, R Daniel and Petukhova, Galina V},
  journal={Nature},
  volume={561},
  number={7723},
  pages={338--342},
  year={2018},
  publisher={Nature Publishing Group}
}


@article{brick2012_directedAway,
  title={Genetic recombination is directed away from functional genomic elements in mice},
  author={Brick, Kevin and Smagulova, Fatima and Khil, Pavel and Camerini-Otero, R Daniel and Petukhova, Galina V},
  journal={Nature},
  volume={485},
  number={7400},
  pages={642--645},
  year={2012},
  publisher={Nature Publishing Group}
}

@article{stapley_variation_2017,
title = {Variation in recombination frequency and distribution across eukaryotes: patterns and processes},
volume = {372},
	issn = {0962-8436, 1471-2970},
shorttitle = {Variation in recombination frequency and distribution across eukaryotes},
url = {http://rstb.royalsocietypublishing.org/lookup/doi/10.1098/rstb.2016.0455},
doi = {10.1098/rstb.2016.0455},
	language = {en},
number = {1736},
urldate = {2019-01-28},
journal = {Philosophical Transactions of the Royal Society B: Biological Sciences},
author = {Stapley, Jessica and Feulner, Philine G. D. and Johnston, Susan E. and Santure, Anna W. and Smadja, Carole M.},
month = dec,
year = {2017},
pages = {20160455}
}

@article{sardell_sex_2020,
title = {Sex Differences in the Recombination Landscape},
volume = {195},
issn = {0003-0147},
url = {https://www.journals.uchicago.edu/doi/full/10.1086/704943},
doi = {10.1086/704943},
number = {2},
urldate = {2020-03-02},
journal = {The American Naturalist},
author = {Sardell, Jason M. and Kirkpatrick, Mark},
month = feb,
year = {2020},
pages = {361--379}
}


@article{de_boer_two_2006,
title = {Two levels of interference in mouse meiotic recombination},
volume = {103},
issn = {0027-8424, 1091-6490},
url = {http://www.pnas.org/cgi/doi/10.1073/pnas.0600418103},
doi = {10.1073/pnas.0600418103},
	language = {en},
number = {25},
urldate = {2019-01-28},
journal = {Proceedings of the National Academy of Sciences},
author = {de Boer, E. and Stam, P. and Dietrich, A. J. J. and Pastink, A. and Heyting, C.},
year = {2006},
pages = {9607--9612}
}

@article{holloway2008mus81,
  title={MUS81 generates a subset of MLH1-MLH3--independent crossovers in mammalian meiosis},
  author={Holloway, J Kim and Booth, James and Edelmann, Winfried and McGowan, Clare H and Cohen, Paula E},
  journal={PLoS genetics},
  volume={4},
  number={9},
  year={2008},
  publisher={Public Library of Science}
}

@article{baier2014,
  title={Variation in genome-wide levels of meiotic recombination is established at the onset of prophase in mammalian males},
  author={Baier, Brian and Hunt, Patricia and Broman, Karl W and Hassold, Terry},
  journal={PLoS genetics},
  volume={10},
  number={1},
  year={2014},
  publisher={Public Library of Science}
}

//SC Length

@article{wang2019_SC,
  title={A first genetic portrait of synaptonemal complex variation},
  author={Wang, Richard J and Dumont, Beth L and Jing, Peicheng and Payseur, Bret A},
  journal={PLoS genetics},
  volume={15},
  number={8},
  pages={e1008337},
  year={2019},
  publisher={Public Library of Science}
}

@article{halldorsson2019,
  title={Characterizing mutagenic effects of recombination through a sequence-level genetic map},
  author={Halldorsson, Bjarni V and Palsson, Gunnar and Stefansson, Olafur A and Jonsson, Hakon and Hardarson, Marteinn T and Eggertsson, Hannes P and Gunnarsson, Bjarni and Oddsson, Asmundur and Halldorsson, Gisli H and Zink, Florian and others},
  journal={Science},
  volume={363},
  number={6425},
  pages={eaau1043},
  year={2019},
  publisher={American Association for the Advancement of Science}
}

@article{dumont2011,
  title={Genetic analysis of genome-scale recombination rate evolution in house mice},
  author={Dumont, Beth L and Payseur, Bret A},
  journal={PLoS genetics},
  volume={7},
  number={6},
  year={2011},
  publisher={Public Library of Science}
}

@article{battagin2016,
  title={Effect of manipulating recombination rates on response to selection in livestock breeding programs},
  author={Battagin, Mara and Gorjanc, Gregor and Faux, Anne-Michelle and Johnston, Susan E and Hickey, John M},
  journal={Genetics Selection Evolution},
  volume={48},
  number={1},
  pages={44},
  year={2016},
  publisher={BioMed Central}
}


@article{petkov2007,
  title={Crossover interference underlies sex differences in recombination rates},
  author={Petkov, Petko M and Broman, Karl W and Szatkiewicz, Jin P and Paigen, Kenneth},
  journal={Trends in Genetics},
  volume={23},
  number={11},
  pages={539--542},
  year={2007},
  publisher={Elsevier}
}

@article{johnston2016_soay,
  title={Conserved genetic architecture underlying individual recombination rate variation in a wild population of Soay sheep (Ovis aries)},
  author={Johnston, Susan E and B{\'e}r{\'e}nos, Camillo and Slate, Jon and Pemberton, Josephine M},
  journal={Genetics},
  volume={203},
  number={1},
  pages={583--598},
  year={2016},
  publisher={Genetics Soc America}
}


@article{tease2004,
  title={Inter-sex variation in synaptonemal complex lengths largely determine the different recombination rates in male and female germ cells},
  author={Tease, C and Hulten, MA},
  journal={Cytogenetic and genome research},
  volume={107},
  number={3-4},
  pages={208--215},
  year={2004},
  publisher={Karger Publishers}
}


@article{schuh2007,
  title={Self-organization of MTOCs replaces centrosome function during acentrosomal spindle assembly in live mouse oocytes},
  author={Schuh, Melina and Ellenberg, Jan},
  journal={Cell},
  volume={130},
  number={3},
  pages={484--498},
  year={2007},
  publisher={Elsevier}
}

@book{trivers2002,
  title={Natural selection and social theory: Selected papers of Robert Trivers},
  author={Trivers, Robert and others},
  year={2002},
  publisher={Oxford University Press, USA}
}

@article{LaneKauppi2019,
  title={Meiotic spindle assembly checkpoint and aneuploidy in males versus females},
  author={Lane, Simon and Kauppi, Liisa},
  journal={Cellular and molecular life sciences},
  volume={76},
  number={6},
  pages={1135--1150},
  year={2019},
  publisher={Springer}
}

@article{CahoonLibuda2019,
  title={Leagues of their own: sexually dimorphic features of meiotic prophase I},
  author={Cahoon, Cori K and Libuda, Diana E},
  journal={Chromosoma},
  pages={1--16},
  year={2019},
  publisher={Springer}
}


@article{gyllensten1987_SKIVE,
  title={Interspecific mitochondrial DNA transfer and the colonization of Scandinavia by mice},
  author={Gyllensten, Ulf and Wilson, Allan C},
  journal={Genetics Research},
  volume={49},
  number={1},
  pages={25--29},
  year={1987},
  publisher={Cambridge University Press}
}


@article{geraldes2011,
  title={Higher differentiation among subspecies of the house mouse (Mus musculus) in genomic regions with low recombination},
  author={Geraldes, Armando and Basset, Patrick and Smith, Kimberley L and Nachman, Michael W},
  journal={Molecular ecology},
  volume={20},
  number={22},
  pages={4722--4736},
  year={2011},
  publisher={Wiley Online Library}
}

@article{lenzi2005,
  title={Extreme heterogeneity in the molecular events leading to the establishment of chiasmata during meiosis i in human oocytes},
  author={Lenzi, Michelle L and Smith, Jenetta and Snowden, Timothy and Kim, Mimi and Fishel, Richard and Poulos, Bradford K and Cohen, Paula E},
  journal={The American Journal of Human Genetics},
  volume={76},
  number={1},
  pages={112--127},
  year={2005},
  publisher={Elsevier}
}


@article{gruhn2013,
  title={Cytological studies of human meiosis: sex-specific differences in recombination originate at, or prior to, establishment of double-strand breaks},
  author={Gruhn, Jennifer R and Rubio, Carmen and Broman, Karl W and Hunt, Patricia A and Hassold, Terry},
  journal={PloS one},
  volume={8},
  number={12},
  year={2013},
  publisher={Public Library of Science}
}


@article{koehler2002,
  title={Genetic control of mammalian meiotic recombination. I. Variation in exchange frequencies among males from inbred mouse strains},
  author={Koehler, Kara E and Cherry, Jonathan P and Lynn, Audrey and Hunt, Patricia A and Hassold, Terry J},
  journal={Genetics},
  volume={162},
  number={1},
  pages={297--306},
  year={2002},
  publisher={Genetics Soc America}
}

@article{veller2019shuffle,
  title={A rigorous measure of genome-wide genetic shuffling that takes into account crossover positions and Mendel’s second law},
  author={Veller, Carl and Kleckner, Nancy and Nowak, Martin A},
  journal={Proceedings of the National Academy of Sciences},
  volume={116},
  number={5},
  pages={1659--1668},
  year={2019},
  publisher={National Acad Sciences}
}

@article{lynn2002,
  title={Covariation of synaptonemal complex length and mammalian meiotic exchange rates},
  author={Lynn, Audrey and Koehler, Kara E and Judis, LuAnn and Chan, Ernest R and Cherry, Jonathan P and Schwartz, Stuart and Seftel, Allen and Hunt, Patricia A and Hassold, Terry J},
  journal={Science},
  volume={296},
  number={5576},
  pages={2222--2225},
  year={2002},
  publisher={American Association for the Advancement of Science}
}


//Interference

@article{ottoPaysuer2019,
  title={Crossover Interference: Shedding Light on the Evolution of Recombination},
  author={Otto, Sarah P and Payseur, Bret A},
  journal={Annual review of genetics},
  volume={53},
  pages={19--44},
  year={2019},
  publisher={Annual Reviews}
}

//theories and models

@article{lenormandDuthiel_2005,
  title={Recombination difference between sexes: a role for haploid selection},
  author={Lenormand, Thomas and Dutheil, Julien},
  journal={PLoS biology},
  volume={3},
  number={3},
  year={2005},
  publisher={Public Library of Science}
}

@article{lenormand2003,
  title={The evolution of sex dimorphism in recombination},
  author={Lenormand, Thomas},
  journal={Genetics},
  volume={163},
  number={2},
  pages={811--822},
  year={2003},
  publisher={Genetics Soc America}
}

@article{lenormand2016,
  title={Evolutionary mysteries in meiosis},
  author={Lenormand, Thomas and Engelst{\"a}dter, Jan and Johnston, Susan E and Wijnker, Erik and Haag, Christoph R},
  journal={Philosophical Transactions of the Royal Society B: Biological Sciences},
  volume={371},
  number={1706},
  pages={20160001},
  year={2016},
  publisher={The Royal Society}
}

@article{brandvain2012scrambling,
  title={Scrambling eggs: meiotic drive and the evolution of female recombination rates},
  author={Brandvain, Yaniv and Coop, Graham},
  journal={Genetics},
  volume={190},
  number={2},
  pages={709--723},
  year={2012},
  publisher={Genetics Soc America}
}

@article{hulten2011_COM,
  title={On the origin of crossover interference: A chromosome oscillatory movement (COM) model},
  author={Hult{\'e}n, Maj A},
  journal={Molecular cytogenetics},
  volume={4},
  number={1},
  pages={10},
  year={2011},
  publisher={Springer}
}

@article{subramanian2014,
  title={The meiotic checkpoint network: step-by-step through meiotic prophase},
  author={Subramanian, Vijayalakshmi V and Hochwagen, Andreas},
  journal={Cold Spring Harbor perspectives in biology},
  volume={6},
  number={10},
  pages={a016675},
  year={2014},
  publisher={Cold Spring Harbor Lab}
}


@article{rubin2020mixing,
  title={Mixing and Matching Chromosomes during Female Meiosis},
  author={Rubin, Thomas and Macaisne, Nicolas and Huynh, Jean-Ren{\'e}},
  journal={Cells},
  volume={9},
  number={3},
  pages={696},
  year={2020},
  publisher={Multidisciplinary Digital Publishing Institute}
}

//cattle

@article{ma2015_cattle,
  title={Cattle sex-specific recombination and genetic control from a large pedigree analysis},
  author={Ma, Li and O'Connell, Jeffrey R and VanRaden, Paul M and Shen, Botong and Padhi, Abinash and Sun, Chuanyu and Bickhart, Derek M and Cole, John B and Null, Daniel J and Liu, George E and others},
  journal={PLoS genetics},
  volume={11},
  number={11},
  year={2015},
  publisher={Public Library of Science}
}

@article{Kong2004,
  title={Recombination rate and reproductive success in humans},
  author={Kong, Augustine and Barnard, John and Gudbjartsson, Daniel F and Thorleifsson, Gudmar and Jonsdottir, Gudrun and Sigurdardottir, Sigrun and Richardsson, Bjorgvin and Jonsdottir, Jonina and Thorgeirsson, Thorgeir and Frigge, Michael L and others},
  journal={Nature genetics},
  volume={36},
  number={11},
  pages={1203--1206},
  year={2004},
  publisher={Nature Publishing Group}
}


@article{Kong2008,
  title={Sequence variants in the RNF212 gene associate with genome-wide recombination rate},
  author={Kong, Augustine and Thorleifsson, Gudmar and Stefansson, Hreinn and Masson, Gisli and Helgason, Agnar and Gudbjartsson, Daniel F and Jonsdottir, Gudrun M and Gudjonsson, Sigurjon A and Sverrisson, Sverrir and Thorlacius, Theodora and others},
  journal={Science},
  volume={319},
  number={5868},
  pages={1398--1401},
  year={2008},
  publisher={American Association for the Advancement of Science}
}


@article{Kong2014,
  title={Common and low-frequency variants associated with genome-wide recombination rate},
  author={Kong, Augustine and Thorleifsson, Gudmar and Frigge, Michael L and Masson, Gisli and Gudbjartsson, Daniel F and Villemoes, Rasmus and Magnusdottir, Erna and Olafsdottir, Stefania B and Thorsteinsdottir, Unnur and Stefansson, Kari},
  journal={Nature genetics},
  volume={46},
  number={1},
  pages={11},
  year={2014},
  publisher={Nature Publishing Group}
}




@article{wang2016_cattle,
  title={Effect of sex, age and genetics on crossover interference in cattle},
  author={Wang, Zhiying and Shen, Botong and Jiang, Jicai and Li, Jinquan and Ma, Li},
  journal={Scientific reports},
  volume={6},
  pages={37698},
  year={2016},
  publisher={Nature Publishing Group}
}

@article{Shen2018_cattle,
  title={Characterization of recombination features and the genetic basis in multiple cattle breeds},
  author={Shen, Botong and Jiang, Jicai and Seroussi, Eyal and Liu, George E and Ma, Li},
  journal={BMC genomics},
  volume={19},
  number={1},
  pages={304},
  year={2018},
  publisher={BioMed Central}
}

// marsupial

@article{gruetzner2006_chrmChain,
  title={How did the platypus get its sex chromosome chain? A comparison of meiotic multiples and sex chromosomes in plants and animals},
  author={Gruetzner, Frank and Ashley, Terry and Rowell, David M and Graves, Jennifer A Marshall},
  journal={Chromosoma},
  volume={115},
  number={2},
  pages={75--88},
  year={2006},
  publisher={Springer}
}

@article{samollow2006,
  title={Status and applications of genomic resources for the gray, short-tailed opossum, Monodelphis domestica, an American marsupial model for comparative biology},
  author={Samollow, Paul B},
  journal={Australian Journal of Zoology},
  volume={54},
  number={3},
  pages={173--196},
  year={2006},
  publisher={CSIRO}
}


@article{nagaoka2012,
  title={Human aneuploidy: mechanisms and new insights into an age-old problem},
  author={Nagaoka, So I and Hassold, Terry J and Hunt, Patricia A},
  journal={Nature Reviews Genetics},
  volume={13},
  number={7},
  pages={493--504},
  year={2012},
  publisher={Nature Publishing Group}
}

@article{anderson1999,
  title={Distribution of crossing over on mouse synaptonemal complexes using immunofluorescent localization of MLH1 protein},
  author={Anderson, Lorinda K and Reeves, Aaron and Webb, Lisa M and Ashley, Terry},
  journal={Genetics},
  volume={151},
  number={4},
  pages={1569--1579},
  year={1999},
  publisher={Genetics Soc America}
}

@article{froenicke2002male,
  title={Male mouse recombination maps for each autosome identified by chromosome painting},
  author={Froenicke, Lutz and Anderson, Lorinda K and Wienberg, Johannes and Ashley, Terry},
  journal={The American Journal of Human Genetics},
  volume={71},
  number={6},
  pages={1353--1368},
  year={2002},
  publisher={Elsevier}
}


@article{fledel2011,
  title={Variation in human recombination rates and its genetic determinants},
  author={Fledel-Alon, Adi and Leffler, Ellen Miranda and Guan, Yongtao and Stephens, Matthew and Coop, Graham and Przeworski, Molly},
  journal={PloS one},
  volume={6},
  number={6},
  year={2011},
  publisher={Public Library of Science}
}

@article{segura2013,
  title={Evolution of recombination in eutherian mammals: insights into mechanisms that affect recombination rates and crossover interference},
  author={Segura, Joana and Ferretti, Luca and Ramos-Onsins, Sebasti{\'a}n and Capilla, Laia and Farr{\'e}, Marta and Reis, Fernanda and Oliver-Bonet, Maria and Fern{\'a}ndez-Bell{\'o}n, Hugo and Garcia, Francisca and Garcia-Cald{\'e}s, Montserrat and others},
  journal={Proceedings of the Royal Society B: Biological Sciences},
  volume={280},
  number={1771},
  pages={20131945},
  year={2013},
  publisher={The Royal Society}
}

@article{Wang2017island,
  title={Genetics of genome-wide recombination rate evolution in mice from an isolated Island},
  author={Wang, Richard J and Payseur, Bret A},
  journal={Genetics},
  volume={206},
  number={4},
  pages={1841--1852},
  year={2017},
  publisher={Genetics Soc America}
}

//human

@article{ottolini2015_oocytes,
  title={Genome-wide maps of recombination and chromosome segregation in human oocytes and embryos show selection for maternal recombination rates},
  author={Ottolini, Christian S and Newnham, Louise J and Capalbo, Antonio and Natesan, Senthilkumar A and Joshi, Hrishikesh A and Cimadomo, Danilo and Griffin, Darren K and Sage, Karen and Summers, Michael C and Thornhill, Alan R and others},
  journal={Nature genetics},
  volume={47},
  number={7},
  pages={727--735},
  year={2015},
  publisher={Nature Publishing Group}
}

//plant

@article{lloyd2019,
  title={Modelling sex-specific crossover patterning in Arabidopsis},
  author={Lloyd, Andrew and Jenczewski, Eric},
  journal={Genetics},
  volume={211},
  number={3},
  pages={847--859},
  year={2019},
  publisher={Genetics Soc America}
}


@article{wang2017inefficient,
  title={Inefficient crossover maturation underlies elevated aneuploidy in human female meiosis},
  author={Wang, Shunxin and Hassold, Terry and Hunt, Patricia and White, Martin A and Zickler, Denise and Kleckner, Nancy and Zhang, Liangran},
  journal={Cell},
  volume={168},
  number={6},
  pages={977--989},
  year={2017},
  publisher={Elsevier}
}


@article{peterson2019,
  title={Conservation of the genome-wide recombination rate in white-footed mice},
  author={Peterson, April L and Miller, Nathan D and Payseur, Bret A}, 
  shortauthor = {{Peterson et al.}},
  journal={Heredity},
  volume={123},
  number={4},
  pages={442--457},
  year={2019},
  publisher={Nature Publishing Group}
}

@article{dumont2011murid,
  title={Evolution of the genomic recombination rate in murid rodents},
  author={Dumont, Beth L and Payseur, Bret A},
  journal={Genetics},
  volume={187},
  number={3},
  pages={643--657},
  year={2011},
  publisher={Genetics Soc America}
}

article{dumont2011house,
  title={Genetic analysis of genome-scale recombination rate evolution in house mice},
  author={Dumont, Beth L and Payseur, Bret A},
  journal={PLoS genetics},
  volume={7},
  number={6},
  year={2011},
  publisher={Public Library of Science}
}

@article{murdoch2010,
  title={Multiple loci contribute to genome-wide recombination levels in male mice},
  author={Murdoch, Brenda and Owen, Nichole and Shirley, Sofia and Crumb, Sara and Broman, Karl W and Hassold, Terry},
  journal={Mammalian Genome},
  volume={21},
  number={11-12},
  pages={550--555},
  year={2010},
  publisher={Springer}
}